%% LaTeX2e file `references.bib'
%% generated by the `filecontents' environment
%% from source `exbook2013' on 2013/05/10.
%%
@Url{gearth, Title={Google Earth}, Url={http://en.wikipedia.org/wiki/Google_Earth},Author={Wikipedia},Urldate={9 May 2013 at 06:53}}
